<?xml version="1.0" encoding="UTF-8"?><collection xmlns="http://www.loc.gov/MARC21/slim"><record><leader>00516nam--2200157-i-4500</leader><controlfield tag="001">000047951</controlfield><controlfield tag="002">20161230</controlfield><controlfield tag="005">20170206235419</controlfield><controlfield tag="008">060222s1000------------r-----000-0-eng-d</controlfield><datafield ind1=" " ind2=" " tag="080"><subfield code="a">539.1.074.3(016)</subfield></datafield><datafield ind1=" " ind2=" " tag="245"><subfield code="a">Wykaz literatury z zakresu: jodek sodu jako scyntylator /1948-1960/</subfield></datafield><datafield ind1=" " ind2=" " tag="260"><subfield code="a">Warszawa</subfield><subfield code="b">Pelnomocnik Tzadu Do Spraw Wykorzystania Energii Jadrowej Osrodek Informacji Naukowej, Technicznej I Ekonomicznej</subfield><subfield code="c">1962</subfield></datafield><datafield ind1=" " ind2=" " tag="300"><subfield code="a">40 p</subfield></datafield><datafield ind1=" " ind2=" " tag="490"><subfield code="a">01-34</subfield></datafield><datafield ind1=" " ind2=" " tag="852"><subfield code="a">D.1039</subfield></datafield><datafield ind1=" " ind2=" " tag="CAT"><subfield code="a">SYS</subfield><subfield code="c">20170206</subfield><subfield code="h">235419</subfield></datafield></record></collection>